@ARTICLE{Collett2015,
   author = {{Collett}, T.~E.},
    title = "{The Population of Galaxy-Galaxy Strong Lenses in Forthcoming Optical Imaging Surveys}",
  journal = {\apj},
archivePrefix = "arXiv",
   eprint = {1507.02657},
 keywords = {gravitational lensing: strong},
     year = 2015,
    month = sep,
   volume = 811,
      eid = {20},
    pages = {20},
      doi = {10.1088/0004-637X/811/1/20},
   adsurl = {http://adsabs.harvard.edu/abs/2015ApJ...811...20C},
  adsnote = {Provided by the SAO/NASA Astrophysics Data System}
}

@ARTICLE{BoldrinEtal2012,
   author = {{Boldrin}, M. and {Giocoli}, C. and {Meneghetti}, M. and {Moscardini}, L.
	},
    title = "{Predicting the number of giant arcs expected in the next-generation wide-field surveys from space}",
  journal = {\mnras},
archivePrefix = "arXiv",
   eprint = {1209.2709},
 keywords = {gravitational lensing: strong, cosmology: theory},
     year = 2012,
    month = dec,
   volume = 427,
    pages = {3134-3144},
      doi = {10.1111/j.1365-2966.2012.22120.x},
   adsurl = {http://adsabs.harvard.edu/abs/2012MNRAS.427.3134B},
  adsnote = {Provided by the SAO/NASA Astrophysics Data System}
}

@ARTICLE{BoldrinEtal2016,
   author = {{Boldrin}, M. and {Giocoli}, C. and {Meneghetti}, M. and {Moscardini}, L. and
	{Tormen}, G. and {Biviano}, A.},
    title = "{Cosmology through arc statistics I: sensitivity to {$\Omega$}$_{m}$ and {$\sigma$}$_{8}$}",
  journal = {\mnras},
archivePrefix = "arXiv",
   eprint = {1505.03515},
 keywords = {gravitational lensing: strong, galaxies: clusters: general, cosmology: theory},
     year = 2016,
    month = apr,
   volume = 457,
    pages = {2738-2748},
      doi = {10.1093/mnras/stw140},
   adsurl = {http://adsabs.harvard.edu/abs/2016MNRAS.457.2738B},
  adsnote = {Provided by the SAO/NASA Astrophysics Data System}
}
